<record><leader>00000cas a22000007a 4500</leader><controlfield tag="001">42899903</controlfield><controlfield tag="008">991130d19391940vaumr ne      0    0eng d</controlfield><datafield ind1=" " ind2=" " tag="010"><subfield code="a">sn 99066973 </subfield></datafield><datafield ind1=" " ind2=" " tag="040"><subfield code="a">NVK</subfield><subfield code="b">eng</subfield><subfield code="c">NVK</subfield><subfield code="d">OCLCQ</subfield><subfield code="d">OCLCO</subfield></datafield><datafield ind1=" " ind2=" " tag="042"><subfield code="a">msc</subfield></datafield><datafield ind1=" " ind2=" " tag="043"><subfield code="a">n-us-va</subfield></datafield><datafield ind1="0" ind2=" " tag="130"><subfield code="a">Informer (St. Stephens Church, Va.)</subfield></datafield><datafield ind1="1" ind2="4" tag="245"><subfield code="a">The Informer.</subfield></datafield><datafield ind1=" " ind2=" " tag="260"><subfield code="a">St. Stephens, Va. :</subfield><subfield code="b">C.C.C. Co. 1371</subfield></datafield><datafield ind1=" " ind2=" " tag="300"><subfield code="a">v.</subfield></datafield><datafield ind1=" " ind2=" " tag="310"><subfield code="a">Monthly</subfield></datafield><datafield ind1="1" ind2=" " tag="362"><subfield code="a">Began in 1939; ceased in 1940.</subfield><subfield code="z">Cf. Rudeen, M.C.C.C. Camp Papers.</subfield></datafield><datafield ind1=" " ind2=" " tag="530"><subfield code="a">Available on microfiche from the Center for Research Libraries.</subfield></datafield><datafield ind1=" " ind2=" " tag="580"><subfield code="a">C.C.C. Co. 1371 previously published: The Question mark.</subfield></datafield><datafield ind1=" " ind2=" " tag="588"><subfield code="a">Description based on: Aug. 1939.</subfield></datafield><datafield ind1=" " ind2=" " tag="588"><subfield code="a">Latest issue consulted: Sept. 1940.</subfield></datafield><datafield ind1="2" ind2="0" tag="610"><subfield code="a">Civilian Conservation Corps (U.S.)</subfield><subfield code="v">Newspapers.</subfield></datafield><datafield ind1=" " ind2="0" tag="651"><subfield code="a">St. Stephens Church (Va.)</subfield><subfield code="v">Newspapers.</subfield></datafield><datafield ind1="2" ind2=" " tag="710"><subfield code="a">Civilian Conservation Corps (U.S.).</subfield><subfield code="b">Company 1371 (St. Stephens Church, Va.)</subfield></datafield><datafield ind1=" " ind2=" " tag="752"><subfield code="a">United States</subfield><subfield code="b">Virginia</subfield><subfield code="c">King and Queen</subfield><subfield code="d">St. Stephens Church.</subfield></datafield><datafield ind1="1" ind2=" " tag="787"><subfield code="t">Question mark</subfield><subfield code="w">(DLC)sn 99066949</subfield></datafield></record>